<?xml version="1.0" encoding="UTF-8"?><collection xmlns="http://www.loc.gov/MARC21/slim"><record><leader>00584nam--2200145-i-4500</leader><controlfield tag="001">000010960</controlfield><controlfield tag="002">20161230</controlfield><controlfield tag="005">20170219233556</controlfield><controlfield tag="008">060222s1000------------r-----000-0-eng-d</controlfield><datafield ind1=" " ind2=" " tag="100"><subfield code="a">Cleyrergue, Chantal</subfield></datafield><datafield ind1=" " ind2=" " tag="245"><subfield code="a">Etude de la separation d une trentaine d elements sur les separateurs mineraux , anhydride tungstique et dioxide d etain. Application a l analyse automatique du fer de haute purete apres irradiation neutronique these</subfield></datafield><datafield ind1=" " ind2=" " tag="260"><subfield code="a">Paris</subfield><subfield code="b">Faculte Des Sciences De L Universite De Paris-sud</subfield><subfield code="c">1973</subfield></datafield><datafield ind1=" " ind2=" " tag="300"><subfield code="a">45 p</subfield></datafield><datafield ind1=" " ind2=" " tag="852"><subfield code="a">543.53(043)</subfield></datafield><datafield ind1=" " ind2=" " tag="CAT"><subfield code="a">SYS</subfield><subfield code="c">20170219</subfield><subfield code="h">233556</subfield></datafield></record></collection>